% Encoding: UTF-8

%%%%%%%%%%%%%%%%%%%%%%%%%%%%%%%%%% books  %%%%%%%%%%%%%%%%%%%%%%%%%%%%%%%%%%
@book{
	grundlagenElektrischeMaschinenBolte,
	title = {Elektrische Maschinen Grundlagen, Magnetfelder, Erwärmung, Funktionsprinzipien, Betriebsarten, Einsatz, Entwurf, Wirtschaftlichkeit},
	author = {Bolte, Ekkehard},
	publisher = {Springer Vieweg},
	year = {2018},
	edition = {2. Auflage},
	url = {http://dx.doi.org/10.1007/978-3-662-54688-8}
}

@book{
	IEC61400-1,
	title = {Wind turbines - Part 1: Design requirements},
	author = {IEC 61400-1},
	publisher = {International Electrotechnical Commission},
	year = {2005}
}

%%%%%%%%%%%%%%%%%%%%%% online sources  %%%%%%%%%%%%%%%%%%%%%%%%%%%%%%%%%%
@misc{axialflussmaschineHAW,
	year = {2022},
	author = {Forschungsgruppe Elektrische Mobilität},
	title = {Axialflussmaschine},
	url = {https://www.haw-hamburg.de/hochschule/technik-und-informatik/departments/maschinenbau-und-produktion/forschung/forschungsgruppen/elektrische-mobilitaet/axialflussmaschine/},
	note = {[Online; Stand 9. Februar 2023]]}
}

%%%%%%%%%%%%%%%%%%%%%% Papers %%%%%%%%%%%%%%%%%%%%%%%%%%%%%%%%%%
@article{3D_printed_axial_flux_space_motor,
	author = {Ferrara, Miriam and Rinaldi, Marianna and Pigliaru, Lucia and Cecchini, Federico and Nanni, Francesca},
	title = {Investigating the use of 3D printed soft magnetic PEEK-based composite for space compliant electrical motors},
	year = {2022},
	journal = {Journal of Applied Polymer Science},
	volume = {139},
	number = {20},
	pages = {}
}